@misc{bayer_prednaska,
    author    = "Tomáš Bayer",
    title     = "Přednáška z algoritmů počítačové kartografie, Konvexní obálky.",
    year      = "2025",
    url       = "https://web.natur.cuni.cz/~bayertom/images/courses/Adk/adk3_new.pdf",
    note      = "Slidy dostupné online, navštíveno 10. dubna 2025"
}

@misc{obr1,
  author    = {Da Yan and Zhou Zhao and Wee Keong Ng},
  title     = {Monochromatic and Bichromatic Reverse Nearest Neighbor Queries on Land Surfaces},
  year      = {2012},
  doi       = {10.1145/2396761.2396880},
  note      = "Conference paper"
}

@Article{obr2,
AUTHOR = {Liu, Lei and Sun, Yong and Ji, Min and Wang, Huimeng and Liu, Jiantao},
TITLE = {Efficient Construction of Voxel Models for Ore Bodies Using an Improved Winding Number Algorithm and CUDA Parallel Computing},
JOURNAL = {ISPRS International Journal of Geo-Information},
VOLUME = {12},
YEAR = {2023},
NUMBER = {12},
ARTICLE-NUMBER = {473},
URL = {https://www.mdpi.com/2220-9964/12/12/473},
ISSN = {2220-9964},
DOI = {10.3390/ijgi12120473}
}

@online{wikimedia_jarvis,
  author    = {WikimediaCommons},
  title     = {Jarvis march convex hull algorithm diagram},
  year      = {2008},
  url       = {https://commons.wikimedia.org/wiki/File:Jarvis_march_convex_hull_algorithm_diagram.svg},
  urldate   = {2025-04-11}
}