@misc{bayer_prednaska,
    author    = "Tomáš Bayer",
    title     = "Přednáška z algoritmů počítačové kartografie, Point Location Problem.",
    year      = "2025",
    url       = "https://web.natur.cuni.cz/~bayertom/images/courses/Adk/adk3_new.pdf",
    note      = "Slidy dostupné online, navštíveno 15. března 2025"
}

@misc{obr1,
  author    = {Da Yan and Zhou Zhao and Wee Keong Ng},
  title     = {Monochromatic and Bichromatic Reverse Nearest Neighbor Queries on Land Surfaces},
  year      = {2012},
  doi       = {10.1145/2396761.2396880},
  note      = "Conference paper"
}

@Article{obr2,
AUTHOR = {Liu, Lei and Sun, Yong and Ji, Min and Wang, Huimeng and Liu, Jiantao},
TITLE = {Efficient Construction of Voxel Models for Ore Bodies Using an Improved Winding Number Algorithm and CUDA Parallel Computing},
JOURNAL = {ISPRS International Journal of Geo-Information},
VOLUME = {12},
YEAR = {2023},
NUMBER = {12},
ARTICLE-NUMBER = {473},
URL = {https://www.mdpi.com/2220-9964/12/12/473},
ISSN = {2220-9964},
DOI = {10.3390/ijgi12120473}
}

@online{geeks,
  author    = {GeeksforGeeks},
  title     = {Point in Polygon in C},
  year      = {2024},  % Adjust if necessary
  url       = {https://www.geeksforgeeks.org/point-in-polygon-in-c/},
  urldate   = {2025-03-16}  % The date you accessed the website
}